%% This BibTeX bibliography file was created using BibDesk.
%% http://bibdesk.sourceforge.net/


%% Created for Wolfgang Kerzendorf at 2011-04-27 18:30:00 +1000 


%% Saved with string encoding Unicode (UTF-8) 



@article{2006ChJAA...6..635Z,
	Adsnote = {Provided by the SAO/NASA Astrophysics Data System},
	Adsurl = {http://adsabs.harvard.edu/abs/2006ChJAA...6..635Z},
	Author = {{Zhao}, {F.-Y.} and {Strom}, R.~G. and {Jiang}, {S.-Y.}},
	Date-Added = {2011-04-27 18:26:29 +1000},
	Date-Modified = {2011-04-27 18:26:29 +1000},
	Doi = {10.1088/1009-9271/6/5/17},
	Journal = {\cjaa},
	Month = oct,
	Pages = {635-640},
	Title = {{The Guest Star of AD185 must have been a Supernova}},
	Volume = 6,
	Year = 2006,
	Bdsk-Url-1 = {http://dx.doi.org/10.1088/1009-9271/6/5/17}}

@article{1934PNAS...20..254B,
	Adsnote = {Provided by the SAO/NASA Astrophysics Data System},
	Adsurl = {http://adsabs.harvard.edu/abs/1934PNAS...20..254B},
	Author = {{Baade}, W. and {Zwicky}, F.},
	Date-Added = {2011-04-27 17:45:30 +1000},
	Date-Modified = {2011-04-27 17:45:30 +1000},
	Doi = {10.1073/pnas.20.5.254},
	Journal = {Proceedings of the National Academy of Science},
	Month = may,
	Pages = {254-259},
	Title = {{On Super-novae}},
	Volume = 20,
	Year = 1934,
	Bdsk-Url-1 = {http://dx.doi.org/10.1073/pnas.20.5.254}}
