%% This BibTeX bibliography file was created using BibDesk.
%% http://bibdesk.sourceforge.net/


%% Created for Wolfgang Kerzendorf at 2011-06-08 18:04:34 +1000 


%% Saved with string encoding Unicode (UTF-8) 



@article{1983ApJ...269L...5W,
	Adsnote = {Provided by the SAO/NASA Astrophysics Data System},
	Adsurl = {http://adsabs.harvard.edu/abs/1983ApJ...269L...5W},
	Author = {{Wu}, C.-C. and {Leventhal}, M. and {Sarazin}, C.~L. and {Gull}, T.~R.},
	Date-Added = {2011-06-05 20:46:39 +1000},
	Date-Modified = {2011-06-05 20:46:39 +1000},
	Doi = {10.1086/184044},
	Journal = {\apjl},
	Keywords = {ABSORPTION SPECTRA, NEBULAE, SPECTRAL LINE WIDTH, SUPERNOVA REMNANTS, ULTRAVIOLET SPECTRA, IRON, IUE, LINE SPECTRA, SILICON, SPECTRUM ANALYSIS, X RAY SPECTRA},
	Month = jun,
	Pages = {L5-L9},
	Title = {{High-velocity iron absorption lines in supernova remnant 1006}},
	Volume = 269,
	Year = 1983,
	Bdsk-Url-1 = {http://dx.doi.org/10.1086/184044}}

@article{1980ApJ...241.1039S,
	Adsnote = {Provided by the SAO/NASA Astrophysics Data System},
	Adsurl = {http://adsabs.harvard.edu/abs/1980ApJ...241.1039S},
	Author = {{Schweizer}, F. and {Middleditch}, J.},
	Date-Added = {2011-06-05 13:43:41 +1000},
	Date-Modified = {2011-06-05 13:43:41 +1000},
	Doi = {10.1086/158417},
	Journal = {\apj},
	Keywords = {HOT STARS, NEBULAE, STELLAR EVOLUTION, STELLAR SPECTROPHOTOMETRY, SUPERNOVA REMNANTS, EARLY STARS, ELECTROPHOTOMETERS, STELLAR LUMINOSITY, STELLAR MAGNITUDE, STELLAR TEMPERATURE, SUBDWARF STARS, UBV SPECTRA},
	Month = nov,
	Pages = {1039-1044},
	Title = {{A hot blue star near the center of the remnant of supernova A.D. 1006}},
	Volume = 241,
	Year = 1980,
	Bdsk-Url-1 = {http://dx.doi.org/10.1086/158417}}

@article{Barber96thequickhull,
	Author = {C. Bradford Barber and David P. Dobkin and Hannu Huhdanpaa},
	Date-Added = {2011-06-04 20:00:57 +1000},
	Date-Modified = {2011-06-04 20:00:57 +1000},
	Journal = {ACM TRANSACTIONS ON MATHEMATICAL SOFTWARE},
	Number = {4},
	Pages = {469--483},
	Title = {The Quickhull algorithm for convex hulls},
	Volume = {22},
	Year = {1996}}

@article{1967ITAE...15...70W,
	Adsnote = {Provided by the SAO/NASA Astrophysics Data System},
	Adsurl = {http://adsabs.harvard.edu/abs/1967ITAE...15...70W},
	Author = {{Welch}, P.~D.},
	Date-Added = {2011-06-04 19:41:47 +1000},
	Date-Modified = {2011-06-04 20:49:35 +1000},
	Journal = {IEEE Trans.~Audio \& Electroacoust., Volume AU-15, p.~70-73},
	Keywords = {POWER SPECTRA,},
	Pages = {70-73},
	Title = {{The Use of Fast Fourier Transform for the Estimation of Power Spectra: A Method Based on Time Averaging Over Short, Modified Periodograms}},
	Volume = 15,
	Year = 1967}

@book{2000vnia.book.....H,
	Adsnote = {Provided by the SAO/NASA Astrophysics Data System},
	Adsurl = {http://adsabs.harvard.edu/abs/2000vnia.book.....H},
	Author = {{Hinkle}, K. and {Wallace}, L. and {Valenti}, J. and {Harmer}, D.},
	Booktitle = {Visible and Near Infrared Atlas of the Arcturus Spectrum 3727-9300 A ed.~Kenneth Hinkle, Lloyd Wallace, Jeff Valenti, and Dianne Harmer.~(San Francisco: ASP) ISBN: 1-58381-037-4, 2000.},
	Date-Added = {2011-06-04 18:15:51 +1000},
	Date-Modified = {2011-06-04 18:15:51 +1000},
	Editor = {{Hinkle, K., Wallace, L., Valenti, J., \& Harmer, D.}},
	Title = {{Visible and Near Infrared Atlas of the Arcturus Spectrum 3727-9300 A}},
	Year = 2000}

@book{1984sfat.book.....K,
	Adsnote = {Provided by the SAO/NASA Astrophysics Data System},
	Adsurl = {http://adsabs.harvard.edu/abs/1984sfat.book.....K},
	Author = {{Kurucz}, R.~L. and {Furenlid}, I. and {Brault}, J. and {Testerman}, L.},
	Booktitle = {National Solar Observatory Atlas, Sunspot, New Mexico: National Solar Observatory, 1984},
	Date-Added = {2011-06-04 18:06:40 +1000},
	Date-Modified = {2011-06-04 18:06:40 +1000},
	Editor = {{Kurucz, R.~L., Furenlid, I., Brault, J., \& Testerman, L.}},
	Keywords = {SUN, FLUX, ATLASES},
	Title = {{Solar flux atlas from 296 to 1300 nm}},
	Year = 1984}

@article{2008A&A...486..951G,
	Adsnote = {Provided by the SAO/NASA Astrophysics Data System},
	Adsurl = {http://adsabs.harvard.edu/abs/2008A%26A...486..951G},
	Archiveprefix = {arXiv},
	Author = {{Gustafsson}, B. and {Edvardsson}, B. and {Eriksson}, K. and {J{\o}rgensen}, U.~G. and {Nordlund}, {\AA}. and {Plez}, B.},
	Date-Added = {2011-06-04 17:47:16 +1000},
	Date-Modified = {2011-06-04 17:47:16 +1000},
	Doi = {10.1051/0004-6361:200809724},
	Eprint = {0805.0554},
	Journal = {\aap},
	Keywords = {stars: atmospheres, Sun: abundances, stars: fundamental parameters, stars: general, stars: late-type, stars: supergiants},
	Month = aug,
	Pages = {951-970},
	Title = {{A grid of MARCS model atmospheres for late-type stars. I. Methods and general properties}},
	Volume = 486,
	Year = 2008,
	Bdsk-Url-1 = {http://dx.doi.org/10.1051/0004-6361:200809724}}

@article{2000BaltA...9..590K,
	Adsnote = {Provided by the SAO/NASA Astrophysics Data System},
	Adsurl = {http://adsabs.harvard.edu/abs/2000BaltA...9..590K},
	Author = {{Kupka}, F.~G. and {Ryabchikova}, T.~A. and {Piskunov}, N.~E. and {Stempels}, H.~C. and {Weiss}, W.~W.},
	Date-Added = {2011-06-04 17:40:47 +1000},
	Date-Modified = {2011-06-04 17:40:47 +1000},
	Journal = {Baltic Astronomy},
	Keywords = {ATOMIC DATA, METHODS: SPECTROSCOPIC, STARS: ABUNDANCES, STARS: CHEMICALLY PECULIAR},
	Pages = {590-594},
	Title = {{VALD-2 -- The New Vienna Atomic Line Database}},
	Volume = 9,
	Year = 2000}

@inproceedings{2003IAUS..210P.A20C,
	Adsnote = {Provided by the SAO/NASA Astrophysics Data System},
	Adsurl = {http://adsabs.harvard.edu/abs/2003IAUS..210P.A20C},
	Author = {{Castelli}, F. and {Kurucz}, R.~L.},
	Booktitle = {Modelling of Stellar Atmospheres},
	Date-Added = {2011-06-04 17:31:55 +1000},
	Date-Modified = {2011-06-04 17:31:55 +1000},
	Editor = {{N.~Piskunov, W.~W.~Weiss, \& D.~F.~Gray}},
	Pages = {20P-+},
	Series = {IAU Symposium},
	Title = {{New Grids of ATLAS9 Model Atmospheres}},
	Volume = 210,
	Year = 2003}

@article{2003A&A...409..523R,
	Adsnote = {Provided by the SAO/NASA Astrophysics Data System},
	Adsurl = {http://cdsads.u-strasbg.fr/abs/2003A%26A...409..523R},
	Author = {{Robin}, A.~C. and {Reyl{\'e}}, C. and {Derri{\`e}re}, S. and {Picaud}, S.},
	Date-Added = {2011-06-03 18:45:45 +1000},
	Date-Modified = {2011-06-03 18:45:45 +1000},
	Doi = {10.1051/0004-6361:20031117},
	Journal = {\aap},
	Keywords = {Galaxy: stellar content, Galaxy: general, Galaxy: evolution, Galaxy: kinematics and dynamics, Galaxy: structure},
	Month = oct,
	Pages = {523-540},
	Title = {{A synthetic view on structure and evolution of the Milky Way}},
	Volume = 409,
	Year = 2003,
	Bdsk-Url-1 = {http://dx.doi.org/10.1051/0004-6361:20031117}}

@article{1979AJ.....84.1511T,
	Adsnote = {Provided by the SAO/NASA Astrophysics Data System},
	Adsurl = {http://adsabs.harvard.edu/abs/1979AJ.....84.1511T},
	Author = {{Tonry}, J. and {Davis}, M.},
	Date-Added = {2011-06-03 18:30:38 +1000},
	Date-Modified = {2011-06-03 18:30:38 +1000},
	Doi = {10.1086/112569},
	Journal = {\aj},
	Keywords = {ASTRONOMICAL SPECTROSCOPY, DATA REDUCTION, GALAXIES, RED SHIFT, CROSS CORRELATION, ERROR ANALYSIS, MICROWAVE SPECTRA, SIGNAL TO NOISE RATIOS, SPIRAL GALAXIES, TELESCOPES},
	Month = oct,
	Pages = {1511-1525},
	Title = {{A survey of galaxy redshifts. I - Data reduction techniques}},
	Volume = 84,
	Year = 1979,
	Bdsk-Url-1 = {http://dx.doi.org/10.1086/112569}}

@article{2010A&A...512A..54C,
	Adsnote = {Provided by the SAO/NASA Astrophysics Data System},
	Adsurl = {http://adsabs.harvard.edu/abs/2010A%26A...512A..54C},
	Archiveprefix = {arXiv},
	Author = {{Casagrande}, L. and {Ram{\'{\i}}rez}, I. and {Mel{\'e}ndez}, J. and {Bessell}, M. and {Asplund}, M.},
	Date-Added = {2011-06-03 18:13:05 +1000},
	Date-Modified = {2011-06-03 18:13:05 +1000},
	Doi = {10.1051/0004-6361/200913204},
	Eprint = {1001.3142},
	Journal = {\aap},
	Keywords = {stars: fundamental parameters, stars: abundances, stars: atmospheres, infrared: stars, techniques: photometric},
	Month = mar,
	Pages = {A54+},
	Primaryclass = {astro-ph.SR},
	Title = {{An absolutely calibrated T_{eff} scale from the infrared flux method. Dwarfs and subgiants}},
	Volume = 512,
	Year = 2010,
	Bdsk-Url-1 = {http://dx.doi.org/10.1051/0004-6361/200913204}}

@article{1996A&AS..117..393B,
	Adsnote = {Provided by the SAO/NASA Astrophysics Data System},
	Adsurl = {http://adsabs.harvard.edu/abs/1996A%26AS..117..393B},
	Author = {{Bertin}, E. and {Arnouts}, S.},
	Date-Added = {2011-06-03 14:30:23 +1000},
	Date-Modified = {2011-06-03 14:30:23 +1000},
	Journal = {\aaps},
	Keywords = {METHODS: DATA ANALYSIS, TECHNIQUES: IMAGE PROCESSING, GALAXIES: PHOTOMETRY},
	Month = jun,
	Pages = {393-404},
	Title = {{SExtractor: Software for source extraction.}},
	Volume = 117,
	Year = 1996}

@article{2006AJ....131.1163S,
	Adsnote = {Provided by the SAO/NASA Astrophysics Data System},
	Adsurl = {http://adsabs.harvard.edu/abs/2006AJ....131.1163S},
	Author = {{Skrutskie}, M.~F. and {Cutri}, R.~M. and {Stiening}, R. and {Weinberg}, M.~D. and {Schneider}, S. and {Carpenter}, J.~M. and {Beichman}, C. and {Capps}, R. and {Chester}, T. and {Elias}, J. and {Huchra}, J. and {Liebert}, J. and {Lonsdale}, C. and {Monet}, D.~G. and {Price}, S. and {Seitzer}, P. and {Jarrett}, T. and {Kirkpatrick}, J.~D. and {Gizis}, J.~E. and {Howard}, E. and {Evans}, T. and {Fowler}, J. and {Fullmer}, L. and {Hurt}, R. and {Light}, R. and {Kopan}, E.~L. and {Marsh}, K.~A. and {McCallon}, H.~L. and {Tam}, R. and {Van Dyk}, S. and {Wheelock}, S.},
	Date-Added = {2011-06-03 14:28:33 +1000},
	Date-Modified = {2011-06-03 14:28:33 +1000},
	Doi = {10.1086/498708},
	Journal = {\aj},
	Keywords = {Catalogs, Infrared: General, Surveys},
	Month = feb,
	Pages = {1163-1183},
	Title = {{The Two Micron All Sky Survey (2MASS)}},
	Volume = 131,
	Year = 2006,
	Bdsk-Url-1 = {http://dx.doi.org/10.1086/498708}}

@article{2001PASP..113.1420V,
	Adsnote = {Provided by the SAO/NASA Astrophysics Data System},
	Adsurl = {http://adsabs.harvard.edu/abs/2001PASP..113.1420V},
	Author = {{van Dokkum}, P.~G.},
	Date-Added = {2011-06-03 13:06:04 +1000},
	Date-Modified = {2011-06-03 13:06:04 +1000},
	Doi = {10.1086/323894},
	Eprint = {arXiv:astro-ph/0108003},
	Journal = {\pasp},
	Keywords = {Instrumentation: Detectors, Methods: Data Analysis-techniques: image processing},
	Month = nov,
	Pages = {1420-1427},
	Title = {{Cosmic-Ray Rejection by Laplacian Edge Detection}},
	Volume = 113,
	Year = 2001,
	Bdsk-Url-1 = {http://dx.doi.org/10.1086/323894}}
